@book{banks1998handbook,
  title={Handbook of simulation: principles, methodology, advances, applications, and practice},
  author={Banks, Jerry},
  year={1998},
  publisher={John Wiley \& Sons}
}

@article{garzia1986discrete,
  title={Discrete-event simulation: When prototyping of large, complex systems is impossible, this technique, based on known behaviors of interacting elements, is useful},
  author={Garzia, Ricardo F and Garzia, Mario R and Zeigler, Bernard P},
  journal={IEEE Spectrum},
  volume={23},
  number={12},
  pages={32--36},
  year={1986},
  publisher={IEEE}
}

@incollection{abu2009history,
  title={History of simulation},
  author={Abu-Taieh, Evon MO and El Sheikh, Asim Abdel Rahman and Abu-Tayeh, Jeihan MO and Al Abdallat, Hussam},
  booktitle={Encyclopedia of Information Science and Technology, Second Edition},
  pages={1769--1776},
  year={2009},
  publisher={IGI Global}
}

@article{shannon1976systems,
  title={Systems simulation: the art and science},
  author={Shannon, Robert and Johannes, James D},
  journal={IEEE transactions on systems, man, and cybernetics},
  number={10},
  pages={723--724},
  year={1976},
  publisher={IEEE}
}

@book{pritsker1974gasp,
  title={The Gasp Iv Simulation Language [By] A. Alan B. Pritsker},
  author={Pritsker, A Alan B},
  year={1974},
  publisher={Wiley}
}

@inproceedings{banks1999introduction,
  title={Introduction to simulation},
  author={Banks, Jerry},
  booktitle={Proceedings of the 31st conference on Winter simulation: Simulation---a bridge to the future-Volume 1},
  pages={7--13},
  year={1999}
}

@inproceedings{varga2001discrete,
  title={Discrete event simulation system},
  author={Varga, Andr{\'a}s},
  booktitle={Proc. of the European Simulation Multiconference (ESM’2001)},
  pages={1--7},
  year={2001}
}

@book{rodgers2020tire,
  title={Tire Engineering: An Introduction},
  author={Rodgers, Brendan},
  year={2020},
  publisher={CRC Press}
}

@article{chicu2020current,
  title={Current trends and perspectives in tyre industry},
  author={Chicu, Nicoleta and Prioteasa, Adina-Liliana and Deaconu, Alecxandrina},
  journal={Studia Universitatis Vasile Goldiș Arad, Seria Științe Economice},
  volume={30},
  number={2},
  pages={36--56},
  year={2020}
}

@book{allen2011introduction,
  title={Introduction to discrete event simulation and agent-based modeling: voting systems, health care, military, and manufacturing},
  author={Allen, Theodore T},
  year={2011},
  publisher={Springer Science \& Business Media}
}

@book{meester2008natural,
  title={A natural introduction to probability theory},
  author={Meester, Ronald},
  year={2008},
  publisher={Springer Science \& Business Media}
}

@book{simon2002probability,
  title={Probability distributions involving Gaussian random variables: A handbook for engineers and scientists},
  author={Simon, Marvin Kenneth},
  year={2002},
  publisher={Springer}
}

@article{martin2022introduction,
  title={Introduction to hypothesis testing},
  author={Martin, Angela Jimeno},
  year={2022}
}

@book{owen2016monte,
  title={Monte Carlo and Quasi-Monte Carlo Methods},
  author={Owen, Art B and Glynn, Peter W},
  year={2016},
  publisher={Springer}
}

@inproceedings{lawson2008monte,
  title={Monte Carlo and discrete-event simulations in C and R},
  author={Lawson, Barry and Leemis, Lawrence},
  booktitle={2008 Winter Simulation Conference},
  pages={11--16},
  year={2008},
  organization={IEEE}
}

@inproceedings{sweetser1999comparison,
  title={A comparison of system dynamics (SD) and discrete event simulation (DES)},
  author={Sweetser, Albert},
  booktitle={17th International Conference of the System Dynamics Society},
  pages={20--23},
  year={1999}
}

@article{ydrefors2021rolling,
  title={Rolling resistance and its relation to operating conditions: A literature review},
  author={Ydrefors, Lisa and Hjort, Mattias and Kharrazi, Sogol and Jerrelind, Jenny and Stensson Trigell, Annika},
  journal={Proceedings of the Institution of Mechanical Engineers, Part D: Journal of Automobile Engineering},
  volume={235},
  number={12},
  pages={2931--2948},
  year={2021},
  publisher={SAGE Publications Sage UK: London, England}
}

@article{babulak2010discrete,
  title={Discrete event simulation},
  author={Babulak, Eduard and Wang, Ming},
  journal={Aitor Goti (Hg.): Discrete Event Simulations. Rijeka, Kroatien: Sciyo},
  pages={1},
  year={2010}
}

@misc{caixabank2021analisis,
	title={El sector del Automóvil en España: Estratégico y en Transformación},
	url={https://www.caixabankresearch.com/es/analisis-sectorial/industria/sector-del-automovil-espana-estrategico-y-transformacion},
	journal={CaixaBank Research},
	author={Sergio Díaz and Judith Montoriol Garriga},
	year={2021},
	month={Dec}}
